../csm-thesis-minimal/demobib.bib