%--%
@article{mateeva2014distributed,
  title={Distributed acoustic sensing for reservoir monitoring with vertical seismic profiling},
  author={Mateeva, Albena and Lopez, Jorge and Potters, Hans and Mestayer, Jeff and Cox, Barbara and Kiyashchenko, Denis and Wills, Peter and Grandi, Samantha and Hornman, Kees and Kuvshinov, Boris and others},
  journal={Geophysical Prospecting},
  volume={62},
  number={4},
  pages={679--692},
  year={2014},
  publisher={Wiley Online Library}
}
@article{mateeva2013distributed,
  title={Distributed acoustic sensing for reservoir monitoring with VSP},
  author={Mateeva, Albena and Lopez, Jorge and Mestayer, Jeff and Wills, Peter and Cox, Barbara and Kiyashchenko, Denis and Yang, Zhaohui and Berlang, Wilfred and Detomo, Rocky and Grandi, Samantha},
  journal={The Leading Edge},
  volume={32},
  number={10},
  pages={1278--1283},
  year={2013},
  publisher={Society of Exploration Geophysicists}
}
@article{lindsey2017fiber,
  title={Fiber-Optic Network Observations of Earthquake Wavefields},
  author={Lindsey, Nathaniel J and Martin, Eileen R and Dreger, Douglas S and Freifeld, Barry and Cole, Stephen and James, Stephanie R and Biondi, Biondo L and Ajo-Franklin, Jonathan B},
  journal={Geophysical Research Letters},
  year={2017},
  publisher={Wiley Online Library}
}
@article{hornman2017field,
  title={Field trial of seismic recording using distributed acoustic sensing with broadside sensitive fibre-optic cables},
  author={Hornman, JC},
  journal={Geophysical Prospecting},
  volume={65},
  number={1},
  pages={35--46},
  year={2017}
}
@article{Lee2010,
author = {Lee, Myung W.},
pages = {19},
title = {{Predicting S-Wave Velocities for Unconsolidated Sediments at Low Effective Pressure}},
year = {2010},
journal={USGS Scientific Investigations Report}
}

@article{siler2013three,
  title={Three-dimensional geothermal fairway mapping: Examples from the Western Great Basin, USA,},
  author={Siler, Drew L and Faulds, James E},
  year={2013},
  journal={GRC Transactions},
  volume={7},
  pages={327--332}
}
@book{claerbout1985imaging,
  title={Imaging the earth's interior},
  author={Claerbout, Jon F},
  volume={1},
  year={1985},
  publisher={Blackwell scientific publications Oxford}
}
@MastersThesis{Rocha2015,
author = {Rocha, Daniel},
pages = {69},
school = {Colorado School of Mines},
title = {{Wavefield Imaging Using the Energy Norm}},
year = {2015}
}

@article{li2014borehole,
  title={Borehole seismic quantitative diagnosis of a seismic velocity model for 3D seismic imaging of subsurface structures},
  author={Li, Yingping and Hewett, Ben},
  journal={Geophysical Prospecting},
  volume={62},
  number={4},
  pages={719--739},
  year={2014},
  publisher={Wiley Online Library}
}
@article{zoeppritz1919erdbebenwellen,
  title={Erdbebenwellen VIII B, Uber Reflexion and Durchgang seismischer wellen durch Unstetigkeisflachen},
  author={Zoeppritz, Karl},
  journal={Gottinger Nachr},
  volume={1},
  pages={66--84},
  year={1919}
}
@article{duan2014elastic,
  title={Elastic reverse-time migration with OBS multiples},
  author={Duan, Yuting and Sava, Paul and others},
  booktitle={2014 SEG Annual Meeting},
  year={2014},
  organization={Society of Exploration Geophysicists},
  publisher={Society of Exploration Geophysicists}
}
@InProceedings{MARMOUSI,
  author =       {A[.] Bourgeois and M[.] Bourget and P[.] Lailly and M[.] Poulet and P[.] Ricarte and R[.] Versteeg},
  title =        {Marmousi, model and data},
  booktitle =    {1990 EAGE workshop on Practical Aspects of Seismic Data Inversion},
  year =         {1990}
}
@article{Claerbout1971,
author = {Claerbout, Jon},
file = {:Users/samir/Downloads/claerbout1971.pdf:pdf},
isbn = {9783642225857},
journal = {Geophysics},
pages = {1--21},
title = {{Volume 36}},
volume = {36},
year = {1971}
}
@article{Matzel2017,
author = {Matzel, E M and Zeng, X and Thurber, C and Morency, C},
title = {{Using Virtual Earthquakes to Characterize the Material Properties of the Brady Hot Springs , Nevada}},
year = {2017},
journal={Geothermal Resources Council}
}

@incollection{ning2016multicomponent,
  title={Multicomponent distributed acoustic sensing},
  author={Ning, Ivan Lim Chen and Sava, Paul},
  booktitle={SEG Technical Program Expanded Abstracts 2016},
  pages={5597--5602},
  year={2016},
  publisher={Society of Exploration Geophysicists}
}
@article{lim2018multicomponent,
  title={Multicomponent distributed acoustic sensing: Concept and theory},
  author={Lim Chen Ning, Ivan and Sava, Paul},
  journal={Geophysics},
  volume={83},
  number={2},
  pages={P1--P8},
  year={2018},
  publisher={Society of Exploration Geophysicists}
}
@article{lynn1991fault,
  title={Where are the fault-plane reflections?},
  author={Lynn, Walt and Gonzalez, Alfonso and MacKay, Scott and others},
  booktitle={1991 SEG Annual Meeting},
  year={1991},
  organization={Society of Exploration Geophysicists},
  journal={SEG Technical Program Expanded Abstracts}
}
@inproceedings{feigl2017overview,
  title={Overview and Preliminary Results from the PoroTomo Project at Brady Hot Springs, Nevada: Poroelastic Tomography by Adjoint Inverse Modeling of Data from Seismology, Geodesy, and Hydrology},
  author={Feigl, Kurt L},
  year={2017},
  booktitle={Stanford Geothermal Workshop}
}
@article{folsomimaging,
  title={Imaging Shallow Outflow Alteration to Locate Productive Faults in Ormat’s Brady’s and Desert Peak Fields Using CSAMT},
  author={Folsom, Matthew and Lopeman, Janice and Perkin, Doug and Sophy, Matthew},
  year={2018},
  booktitle={Stanford Geothermal Workshop}
}
@article{marques1986stress,
  title={Stress waves in transversely isotropic media: The homogeneous problem},
  author={Marques, Elizabeth RC and Williams Jr, James H},
  year={1986},
  journal={NASA}
}
@article{rocha2016isotropic,
  title={Isotropic elastic wavefield imaging using the energy norm},
  author={Rocha, Daniel and Tanushev, Nicolay and Sava, Paul},
  journal={Geophysics},
  volume={81},
  number={4},
  pages={S207--S219},
  year={2016},
  publisher={GeoScienceWorld}
}
@inproceedings{hornman2013field,
  title={Field trial of a broadside-sensitive distributed acoustic sensing cable for surface seismic},
  author={Hornman, K and Kuvshinov, B and Zwartjes, P and Franzen, A},
  booktitle={75th EAGE Conference \& Exhibition incorporating SPE EUROPEC 2013},
  year={2013}
}
@incollection{mestayer2011field,
  title={Field trials of distributed acoustic sensing for geophysical monitoring},
  author={Mestayer, J and Cox, B and Wills, P and Kiyashchenko, D and Lopez, J and Costello, M and Bourne, S and Ugueto, G and Lupton, R and Solano, G and others},
  booktitle={SEG Technical Program Expanded Abstracts 2011},
  pages={4253--4257},
  year={2011},
  publisher={Society of Exploration Geophysicists}
}
@article{cox2012distributed,
  title={Distributed acoustic sensing for geophysical measurement, monitoring and verification},
  author={Cox, Barbara and Wills, Peter and Kiyashchenko, Denis and Mestayer, Jeff and Lopez, Jorge and Bourne, Stephen and Lupton, Rob and Solano, Gabriel and Henderson, Nicholas and Hill, David and others},
  volume={37},
  number={02},
  pages={7-13},
  year={2012},
  publisher={CSEG}
}
@inproceedings{barberan2012multi,
  title={Multi-offset seismic acquisition using optical fiber behind tubing},
  author={Barberan, C and Allanic, C and Avila, D and Hy-Billiot, J and Hartog, A and Frignet, B and Lees, G},
  booktitle={74th EAGE Conference and Exhibition incorporating EUROPEC 2012},
  year={2012}
}
@inproceedings{yavuz2016subsurface,
  title={Subsurface Imaging Using Buried DAS and Geophone Arrays-Preliminary Results from CO2CRC Otway Project},
  author={Yavuz, S and Freifeld, BM and Pevzner, R and Tertyshnikov, K and Dzunic, Aleksandar and Ziramov, S and Shulakova, V and Robertson, M and Daley, TM and Kepic, Anton and others},
  booktitle={78th EAGE Conference and Exhibition 2016},
  year={2016}
}
@article{daley2013field,
  title={Field testing of fiber-optic distributed acoustic sensing (DAS) for subsurface seismic monitoring},
  author={Daley, Thomas M and Freifeld, Barry M and Ajo-Franklin, Jonathan and Dou, Shan and Pevzner, Roman and Shulakova, Valeriya and Kashikar, Sudhendu and Miller, Douglas E and Goetz, Julia and Henninges, Jan and others},
  journal={The Leading Edge},
  volume={32},
  number={6},
  pages={699--706},
  year={2013},
  publisher={Society of Exploration Geophysicists}
}
@book{Lumens2014,
author = {Lumens, P.G.E.},
booktitle = {Fibre-optic sensing for applications in oil and gas wells},
doi = {10.6100/IR769555},
isbn = {9789038635675},
pages = {132},
title = {{Fibre-optic sensing for application in oil and gas wells}},
year = {2014}
}
@article{samuel1959some,
  title={Some studies in machine learning using the game of checkers},
  author={Samuel, Arthur L},
  journal={IBM Journal of research and development},
  volume={3},
  number={3},
  pages={210--229},
  year={1959},
  publisher={IBM}
}
@article{Szegedy2015,
author = {Szegedy, Christian and Vanhoucke, Vincent and Ioffe, Sergey and Shlens, Jonathon and Wojna, Zbigniew},
doi = {10.1109/CVPR.2016.308},
eprint = {1512.00567},
isbn = {978-1-4673-8851-1},
issn = {08866236},
pmid = {8190083},
title = {{Rethinking the Inception Architecture for Computer Vision}},
url = {http://arxiv.org/abs/1512.00567},
year = {2015}
}
@incollection{bakku2014vertical,
  title={Vertical seismic profiling using distributed acoustic sensing in a hydrofrac treatment well},
  author={Bakku, Sudhish K and Fehler, Michael and Wills, Peter and Mestayer, Jeff and Mateeva, Albena and Lopez, Jorge},
  booktitle={SEG Technical Program Expanded Abstracts 2014},
  pages={5024--5028},
  year={2014},
  publisher={Society of Exploration Geophysicists}
}
@book{Gerven2018,
author = {Gerven, Marcel Van and Bohte, Sander},
doi = {10.3389/978-2-88945-401-3},
isbn = {9782889454013},
keywords = {artificial neural networks, deep learning, neural information processing, brain imaging, spiking neural networks, backpropagation},
title = {{Artificial Neural Networks as Models of Neural Information Processing}},
year = {2018}
}
@article{ILSVRC15,
Author = {Olga Russakovsky and Jia Deng and Hao Su and Jonathan Krause and Sanjeev Satheesh and Sean Ma and Zhiheng Huang and Andrej Karpathy and Aditya Khosla and Michael Bernstein and Alexander C. Berg and Li Fei-Fei},
Title = {{ImageNet Large Scale Visual Recognition Challenge}},
Year = {2015},
journal   = {International Journal of Computer Vision (IJCV)},
doi = {10.1007/s11263-015-0816-y},
volume={115},
number={3},
pages={211-252}
}
@article{Li2015,
author = {Li, Meng and Wang, Hua and Tao, Guo},
issn = {1874-8341},
journal = {The Open Petroleum Engineering Journal},
keywords = {DAS,VSP,hydraulic fracturing monitoring,microseismic,pre-processing methods},
number = {1},
pages = {10},
title = {{Current and Future Applications of Distributed Acoustic Sensing as a New Reservoir Geophysics Tool}},
volume = {8},
year = {2015}
}
@misc{clarke1983fiber,
  title={Fiber optic temperature sensing},
  author={Clarke, Raymond and Sandberg, Chester L},
  year={1983},
  month=nov # "~29",
  publisher={Google Patents},
  note={US Patent 4,417,782}
}
@book{krohn2000fiber,
  title={Fiber optic sensors: fundamentals and applications},
  author={Krohn, David A and MacDougall, Trevor and Mendez, Alexis},
  year={2000},
  publisher={Isa}
}
@article{Parker2014,
author = {Parker, Tom and Shatalin, Sergey and Farhadiroushan, Mahmoud},
issn = {02635046},
journal = {First Break},
number = {2},
pages = {61--69},
title = {{Distributed Acoustic Sensing - A new tool for seismic applications}},
volume = {32},
year = {2014}
}
@article{daley2015field,
  title={Field testing of modular borehole monitoring with simultaneous distributed acoustic sensing and geophone vertical seismic profiles at Citronelle, Alabama},
  author={Daley, TM and Miller, DE and Dodds, K and Cook, P and Freifeld, BM},
  journal={Geophysical Prospecting},
  year={2015},
  publisher={Wiley Online Library}
}
@article{mikumo1964determination,
  title={Determination of local phase velocity by intercomparison of seismograms from strain and pendulum instruments},
  author={Mikumo, Takeshi and Aki, Keiiti},
  journal={Journal of Geophysical Research},
  volume={69},
  number={4},
  pages={721--731},
  year={1964},
  publisher={Wiley Online Library}
}
@article{matzelseismic,
  title={Seismic Interferometry Using the Dense Array at the Brady Geothermal Field},
  author={Matzel, Eric and Zeng, Xiangfang and Thurber, Clifford and Luo, Yan and Morency, Christina and others},
  year={2017}
}
@article{clifford017properties,
  title={Active-Source Seismic Tomography at Bradys Geothermal Field, Nevada, with Dense Nodal and Fiber-Optic Seismic Arrays},
  author={Thurber, Clifford and Zeng, X and Parker, Lesley and others},
  journal={American Geophysical Union},
  year={2017},
  publisher={American Geophysical Union Fall Meeting }
}
@article{aki1980quantative,
  title={Quantative seismology: Theory and methods},
  author={Aki, Keiiti and Richards, Paul G},
  journal={New York},
  volume={801},
  year={1980}
}
@article{jreij2017field,
  title={Field data comparison of 3D horizontal distributed acoustic sensing and geophones},
  author={Jreij, Samir and Trainor-Guitton, Whitney and Miller, Douglas and others},
  booktitle={2017 SEG International Exposition and Annual Meeting},
  year={2017},
  organization={Society of Exploration Geophysicists},
  journal={SEG Technical Program Expanded Abstracts}
}
@article{trainor2013value,
  title={Value of information methodology for assessing the ability of electrical resistivity to detect CO2/brine leakage into a shallow aquifer},
  author={Trainor-Guitton, Whitney J and Ramirez, Abelardo and Yang, Xianjin and Mansoor, Kayyum and Sun, Yunwei and Carroll, Susan},
  journal={International Journal of Greenhouse Gas Control},
  volume={18},
  pages={101--113},
  year={2013},
  publisher={Elsevier}
}
@article{trainor2018workshop,
  title={3D Imaging from Vertical DAS Fiber at Brady's Natural Laboratory},
  author={Trainor-Guitton, Whitney and Guitton, Antoine and Jreij, Samir and others},
  booktitle={Stanford 43rd Workshop on Geothermal Reservoir Engineering},
  year={2018},
  journal={Stanford 43rd Workshop on Geothermal Reservoir Engineering Technical Abstracts}
}
@inproceedings{jreij2018improving,
  title={Improving Point-Sensor Image Resolution with Distributed Acoustic Sensing at Brady’s Enhanced Geothermal System},
  author={Jreij, S and Trainor-Guitton, W and Simmons, J and Team, PoroTomo},
  year={2018},
  organization={Stanford Geothermal Workshop},
  journal={Stanford 43rd Workshop on Geothermal Reservoir Engineering Technical Abstracts}
}
@article{fomel2013madagascar,
  title={Madagascar: Open-source software project for multidimensional data analysis and reproducible computational experiments},
  author={Fomel, Sergey and Sava, Paul and Vlad, Ioan and Liu, Yang and Bashkardin, Vladimir},
  journal={Journal of Open Research Software},
  volume={1},
  number={1},
  year={2013},
  publisher={Ubiquity Press}
}
%--%
